@online{db14, 
	title = {A Basic Non-Functional Requirements Checklist Thoughts from the Systems front line}, 
	author = {D. Banger}, 
	url = {https://dalbanger.wordpress.com/2014/01/08/a-basic-non-functional-requirements-checklist/}, 
	date = {2014-01-08}, 
	urldate = {2017-01-31} 
}
@article{msc13, 
	title = {Requirements Prioritization Technique â€” Business Analyst Learnings.}, 
	author = {{Business Analyst Learnings}}, 
	url = {https://businessanalystlearnings.com/ba-techniques/2013/3/5/moscow-technique-requirements-prioritization},
	pages = {1--5}, 
	date = {2013-05-03}, 
	urldate = {2017-01-31} 
}
@online{yc, 
	title = {S.M.A.R.T. goal setting | SMART | Coaching tools | YourCoach Gent}, 
	author = {{YourCoach}},
	date = {---},
	url = { http://www.yourcoach.be/en/coaching-tools/smart-goal-setting.php}, 
	urldate = {2017-08-19} 
}