@BOOK{DUMMY:1,
	AUTHOR = "Claudiu Rediu",
	TITLE = "Dummy Title",
	YEAR = "2019",
	PUBLISHER = "Dummy Publisher",
}
